<record xmlns:xsi="http://www.w3.org/2001/XMLSchema-instance" xmlns="http://www.loc.gov/MARC21/slim" xsi:schemaLocation="http://www.loc.gov/MARC21/slim http://www.loc.gov/standards/marcxml/schema/MARC21slim.xsd">

  <leader>00968nam a2200217Ia 4500</leader>
  <datafield tag="999" ind2=" " ind1=" ">
    <subfield code="c">602</subfield>
    <subfield code="d">602</subfield>
  </datafield>
  <controlfield tag="008">170313b2010    cr ||||| |||| 00| | spa d</controlfield>
  <datafield ind2=" " tag="020" ind1=" ">
    <subfield code="a">9789968527125</subfield>
  </datafield>
  <datafield ind1=" " tag="090" ind2=" ">
    <subfield code="a">CD #222</subfield>
  </datafield>
  <datafield ind1="1" ind2=" " tag="100">
    <subfield code="9">736</subfield>
    <subfield code="a">Arguedas Quesada, Consuelo</subfield>
  </datafield>
  <datafield ind1="1" tag="245" ind2="0">
    <subfield code="a">Recopilación de composiciones infantiles: Estudiantes de la carrera de educación inicial. / </subfield>
    <subfield code="c">Consuelo Arguedas Quesada, compilación</subfield>
  </datafield>
  <datafield ind1=" " ind2=" " tag="260">
    <subfield code="a">San José, Costa Rica : </subfield>
    <subfield code="b">INIE, </subfield>
    <subfield code="c">2010</subfield>
  </datafield>
  <datafield ind1=" " ind2=" " tag="300">
    <subfield code="a">1 disco de computadora;</subfield>
    <subfield code="b">Sonoro</subfield>
  </datafield>
  <datafield tag="490" ind2=" " ind1=" ">
    <subfield code="a">Colección Yigüirro</subfield>
  </datafield>
  <datafield tag="500" ind2=" " ind1=" ">
    <subfield code="a">Este material didáctico corresponde a la compilación de composiciones infantiles, creadas en los cursos FD-0167 Educación musical en la educación inicial y FD-0173 Educación musical en la educación inicial II, de la Escuela de Formación Docente de la U.</subfield>
  </datafield>
  <datafield ind2=" " tag="500" ind1=" ">
    <subfield code="a">Volumen 1</subfield>
  </datafield>
  <datafield ind2="4" tag="650" ind1="1">
    <subfield code="a">MÚSICA</subfield>
    <subfield code="9">13</subfield>
  </datafield>
  <datafield tag="650" ind2="4" ind1="1">
    <subfield code="a">EDUCACIÓN PREESCOLAR</subfield>
    <subfield code="9">455</subfield>
  </datafield>
  <datafield ind1="1" ind2="4" tag="650">
    <subfield code="a">MATERIAL DIDÁCTICO</subfield>
    <subfield code="9">785</subfield>
  </datafield>
  <datafield tag="650" ind2="4" ind1="1">
    <subfield code="a">PARTITURAS</subfield>
    <subfield code="9">2533</subfield>
  </datafield>
  <datafield ind1=" " tag="942" ind2=" ">
    <subfield code="2">z</subfield>
    <subfield code="c">08</subfield>
  </datafield>
</record>